@techreport{xunit,
	author = {Beck, Kent},
	citeulike-article-id = {9645825},
	citeulike-linkout-0 = {http://www.xprogramming.com/testfram.htm},
	institution = {First Class Software, Inc.},
	keywords = {0\_software\_quality, 0\_tests, 0\_unit\_testing},
	posted-at = {2011-08-11 23:18:36},
	priority = {2},
	title = {{Simple Smalltalk Testing: With Patterns}},
	url = {http://www.xprogramming.com/testfram.htm},
	year = {1989}
}
@book{black,
	author = {Beizer, Boris},
	title = {Black-box testing: techniques for functional testing of software and systems},
	year = {1995},
	isbn = {0-471-12094-4},
	publisher = {John Wiley \& Sons, Inc.},
	address = {New York, NY, USA},
} 

@article{dataflow,
	author = {S. Rapps and E.J. Weyuker},
	title = {Selecting Software Test Data Using Data Flow Information},
	journal ={IEEE Transactions on Software Engineering},
	volume = {11},
	issn = {0098-5589},
	year = {1985},
	pages = {367-375},
	doi = {http://doi.ieeecomputersociety.org/10.1109/TSE.1985.232226},
	publisher = {IEEE Computer Society},
	address = {Los Alamitos, CA, USA},
}

@book{stt,
	author = {Beizer, Boris},
	title = {Software testing techniques (2nd ed.)},
	year = {1990},
	isbn = {0-442-20672-0},
	publisher = {Van Nostrand Reinhold Co.},
	address = {New York, NY, USA},
} 

@book{Roper1994,
	author = {Marc Roper},
	interhash = {16887b8d93f5dbe58e5c9bc984555fbd},
	intrahash = {34c464cdc39bb9fcf2df392c664d8494},
	publisher = {McGraw-Hill},
	series = {The International Software Engineering Series},
	title = {Software Testing},
	year = 1994,
	timestamp = {2007-09-26T11:57:26.000+0200},
	keywords = {imported},
	added-at = {2007-09-26T11:57:26.000+0200},
	description = {Some references related to aspect mining},
	isbn = {0-07-707466-1},
	biburl = {http://www.bibsonomy.org/bibtex/234c464cdc39bb9fcf2df392c664d8494/kimmens}
}

@article{Ntafos:1988:CST:630792.631017,
	author = {Ntafos, S. C.},
	title = {A Comparison of Some Structural Testing Strategies},
	journal = {IEEE Trans. Softw. Eng.},
	volume = {14},
	issue = {6},
	month = {June},
	year = {1988},
	issn = {0098-5589},
	pages = {868--874},
	doi = {http://dx.doi.org/10.1109/32.6165},
	acmid = {631017},
	publisher = {IEEE Press},
	address = {Piscataway, NJ, USA},
	keywords = {program testing, programming theory, structural testing, structured programming},
}

@inbook{infeasible,
  title={Computers, software engineering, and digital devices},
  author={Dorf, R.C.},
  number={v. 4},
  pages={15},
  chapter={12},
  isbn={9780849373404},
  lccn={2005054349},
  series={The Electrical Engineering Handbook},
  url={http://books.google.com/books?id=U57RpAaMKgAC},
  year={2006},
  publisher={CRC/Taylor \& Francis}
}

@article{Frankl:1988:AFD:53064.53075,
	author = {Frankl, P. G. and Weyuker, E. J.},
	title = {An Applicable Family of Data Flow Testing Criteria},
	journal = {IEEE Trans. Softw. Eng.},
	volume = {14},
	issue = {10},
	month = {October},
	year = {1988},
	issn = {0098-5589},
	pages = {1483--1498},
	numpages = {16},
	url = {http://dl.acm.org/citation.cfm?id=53064.53075},
	doi = {10.1109/32.6194},
	acmid = {53075},
	publisher = {IEEE Press},
	address = {Piscataway, NJ, USA},
	keywords = {ASSET, Pascal, adequacy criteria, data flow testing, definition-use associations, program testing, software reliability},
}


@inbook{miller,
	author={Miller, F.},
	year={1981},
	pages={4--16},
	series={Tutorial: Software Testing and Validation Techniques},
	title={Introduction to Software Testing Technology},
	publisher={IEEE Computer Society Press}
}

@article{Yang:2011:FUB:1993316.1993532,
	author = {Yang, Xuejun and Chen, Yang and Eide, Eric and Regehr, John},
	title = {Finding and understanding bugs in C compilers},
	journal = {SIGPLAN Not.},
	issue_date = {June 2011},
	volume = {46},
	issue = {6},
	month = {June},
	year = {2011},
	issn = {0362-1340},
	pages = {283--294},
	numpages = {12},
	url = {http://doi.acm.org/10.1145/1993316.1993532},
	doi = {http://doi.acm.org/10.1145/1993316.1993532},
	acmid = {1993532},
	publisher = {ACM},
	address = {New York, NY, USA},
	keywords = {automated testing, compiler defect, compiler testing, random program generation, random testing},
} 

@inproceedings{Yang:2011:FUB:1993498.1993532,
 author = {Yang, Xuejun and Chen, Yang and Eide, Eric and Regehr, John},
  title = {Finding and understanding bugs in C compilers},
   booktitle = {Proceedings of the 32nd ACM SIGPLAN conference on Programming language design and implementation},
    series = {PLDI '11},
	 year = {2011},
	  isbn = {978-1-4503-0663-8},
	   location = {San Jose, California, USA},
	    pages = {283--294},
		 numpages = {12},
		  url = {http://doi.acm.org/10.1145/1993498.1993532},
		   doi = {http://doi.acm.org/10.1145/1993498.1993532},
		    acmid = {1993532},
			 publisher = {ACM},
			  address = {New York, NY, USA},
			   keywords = {automated testing, compiler defect, compiler testing, random program generation, random testing},
			   }

